@book{jianlog,
	author={Flanagan, David},
	title={Java in a Nutshell, Fifth Edition},
	publisher={O'Reilly Media, Inc.},
	year={2005}
}
@book{jswing,
	author={Robert Eckstein and Marc Loy and Dave Wood},
	title="Java Swing",
	publisher="O'Reilly Media",
	year="1998"
}
@book{jbeginning,
	author={Horton, Ivon},
	title="Beginning Java",
	publisher="Wrox Press Ltd",
	year="1997"
}
@book{xmlcompletereference,
	author={Williamson, Heather},
	title="La Guida Completa XML",
	publisher="McGraw-Hill",
	year="2001"
}

@misc{jdoclevel,
	author={Oracle},
	title={Level (Java Platform SE 7)},
	howpublished="\url{http://docs.oracle.com/javase/7/docs/api/java/util/logging/Level.html}",
	note="[Stato: online; Ultimo accesso: 07/08/2015]"
}

@misc{sito,
	author={Travis, Greg},
	title="Getting started with Java Nio",
	year="2014",
	howpublished="\url{http://www.ibm.com}",
	note="[Stato: online; Ultimo accesso: mai]"
}